@article{akyildiz2006next,
  title={{NeXt generation/dynamic spectrum access/cognitive radio wireless networks: a survey}},
  author={Akyildiz, Ian F and Lee, Won-Yeol and Vuran, Mehmet C and Mohanty, Shantidev},
  journal={Computer networks},
  volume={50},
  number={13},
  pages={2127--2159},
  year={2006},
  publisher={Elsevier}
}

@article{akyildiz2008survey,
  title={{A survey on spectrum management in cognitive radio networks}},
  author={Akyildiz, Ian F and Lee, Won Yeol and Vuran, Mehmet C and Mohanty, Shantidev},
  journal={IEEE Communications magazine},
  volume={46},
  number={4},
  pages={40--48},
  year={2008},
  publisher={IEEE}
}

@article{mitola1999cognitive,
  title={Cognitive radio: making software radios more personal},
  author={Mitola, Joseph and Maguire, Gerald Q},
  journal={IEEE personal communications},
  volume={6},
  number={4},
  pages={13--18},
  year={1999},
  publisher={IEEE}
}

@misc{gnuradio,
  title = {{Eric Blossom, Exploring GNU Radio.}},
  howpublished = {\url{http://www.gnu.org/software/gnuradio/doc/exploring-gnuradio.html.}},
  note = {Accessed: 2016-06-15}
}
